@book{KaratzasIoannisBmas,
	series = {Graduate texts in mathematics 113},
	publisher = {Springer},
	isbn = {9780387976556},
	year = {1998},
	title = {Brownian motion and stochastic calculus},
	edition = {2nd edition, corrected software second edition},
	language = {eng},
	address = {New York; Berlin; Heidelberg etc.},
	author = {Ioannis, Karatzas and Steven, E.Shreve},
	keywords = {Valuations, Th√©orie des},
	lccn = {978-0-387-97655-6},
}


@book{revuz2013continuous,
  title={Continuous martingales and Brownian motion},
  author={Revuz, Daniel and Yor, Marc},
  volume={293},
  year={2013},
  publisher={Springer Science \& Business Media}
}

@book{alberto2009quantum,
	author = {Barchielli, Alberto and Gregoratti, Matteo},
	year = {2009},
	month = {01},
	pages = {},
	title = {Quantum trajectories and measurements in continuous time. The diffusive case},
	volume = {782},
	isbn = {978-3-642-01297-6},
	journal = {Lecture Notes in Physics},
	doi = {10.1007/978-3-642-01298-3}
}

@book{bogachev2007measure,
	title={Measure theory},
	author={Bogachev, Vladimir I},
	volume={1},
	year={2007},
	publisher={Springer Science \& Business Media}
}

@Inbook{Cherny2006,
	author="Cherny, Alexander",
	title="Some Particular Problems of Martingale Theory",
	bookTitle="From Stochastic Calculus to Mathematical Finance: The Shiryaev Festschrift",
	year="2006",
	publisher="Springer Berlin Heidelberg",
	address="Berlin, Heidelberg",
	pages="109--124",
	isbn="978-3-540-30788-4",
	doi="10.1007/978-3-540-30788-4_6",
	url="https://doi.org/10.1007/978-3-540-30788-4_6"
}
@book{stojanovic2012computational,
	title={Computational Financial Mathematics using MATHEMATICA{\textregistered}: Optimal Trading in Stocks and Options},
	author={Stojanovic, S.},
	isbn={9781461200437},
	url={https://books.google.fr/books?id=YM\_TBwAAQBAJ},
	year={2012},
	publisher={Birkh{\"a}user Boston}
}


@book{dellancherie1976proba,
	author = {Dellacherie C. and Meyer P.A.},
	title = {Probabilites et potentiel},
	year = {1976},
	language = {French},
	volume = {A},
	publisher = {Hennann},
	location = {Paris},
}
@book{ikeda2014stochastic,
	title={Stochastic Differential Equations and Diffusion Processes},
	author={Ikeda, N. and Watanabe, S.},
	isbn={9781483296159},
	series={ISSN},
	url={https://books.google.fr/books?id=QZbOBQAAQBAJ},
	year={2014},
	publisher={Elsevier Science}
}
@book{barchielli2009quantum,
	author = {Barchielli, Alberto and Gregoratti, Matteo},
	year = {2009},
	month = {01},
	pages = {},
	title = {Quantum trajectories and measurements in continuous time. The diffusive case},
	volume = {782},
	isbn = {978-3-642-01297-6},
	journal = {Lecture Notes in Physics},
	doi = {10.1007/978-3-642-01298-3}
}